<?xml version="1.0" encoding="UTF-8"?><record xmlns="http://www.loc.gov/MARC21/slim" xmlns:cinclude="http://apache.org/cocoon/include/1.0" xmlns:zs="http://www.loc.gov/zing/srw/">
  <leader>00495cz  a2200133n  4500</leader>
  <controlfield tag="001">n 2010206123</controlfield>
  <controlfield tag="003">DLC</controlfield>
  <controlfield tag="005">20101224074856.0</controlfield>
  <controlfield tag="008">101215n| acannaabn          |a ana      </controlfield>
  <datafield tag="010" ind1=" " ind2=" ">
    <subfield code="a">n 2010206123</subfield>
  </datafield>
  <datafield tag="040" ind1=" " ind2=" ">
    <subfield code="a">DLC</subfield>
    <subfield code="b">eng</subfield>
    <subfield code="c">DLC</subfield>
    <subfield code="d">DLC</subfield>
  </datafield>
  <datafield tag="110" ind1="1" ind2=" ">
    <subfield code="a">Congo (Democratic Republic).</subfield>
    <subfield code="b">Ministère de la décentralisation et aménagement du territoire</subfield>
  </datafield>
  <datafield tag="410" ind1="2" ind2=" ">
    <subfield code="a">MADT</subfield>
  </datafield>
  <datafield tag="670" ind1=" " ind2=" ">
    <subfield code="a">RDC, 2009:</subfield>
    <subfield code="b">t.p. (Republic Democratique de Congo, Ministère de la décentralisation et aménagement du territoire) p. 3 (MADT)</subfield>
  </datafield>
</record>